<record><leader>00000cas a22000007a 4500</leader><controlfield tag="001">10503392</controlfield><controlfield tag="008">840309d17971799njuwr ne      0    0eng d</controlfield><datafield ind1=" " ind2=" " tag="010"><subfield code="a">sn 84026565 </subfield></datafield><datafield ind1=" " ind2=" " tag="040"><subfield code="a">NPU</subfield><subfield code="b">eng</subfield><subfield code="c">NPU</subfield><subfield code="d">DLC</subfield><subfield code="d">NPX</subfield><subfield code="d">NPA</subfield><subfield code="d">NJW</subfield><subfield code="d">MGN</subfield><subfield code="d">OCLCG</subfield><subfield code="d">KRTAS</subfield><subfield code="d">OCLCA</subfield></datafield><datafield ind1="1" ind2=" " tag="029"><subfield code="a">AU@</subfield><subfield code="b">000025784951</subfield></datafield><datafield ind1=" " ind2=" " tag="042"><subfield code="a">msc</subfield></datafield><datafield ind1="0" ind2="0" tag="050"><subfield code="a">Newspaper</subfield></datafield><datafield ind1="0" ind2="0" tag="245"><subfield code="a">Newark gazette and New-Jersey advertiser.</subfield></datafield><datafield ind1="0" ind2="0" tag="246"><subfield code="a">Newark gazette and New Jersey advertiser</subfield></datafield><datafield ind1=" " ind2=" " tag="260"><subfield code="a">Newark, N.J. :</subfield><subfield code="b">Printed by John Woods for the proprietors,</subfield><subfield code="c">1797-1799.</subfield></datafield><datafield ind1=" " ind2=" " tag="300"><subfield code="a">v.</subfield></datafield><datafield ind1=" " ind2=" " tag="310"><subfield code="a">Weekly</subfield></datafield><datafield ind1="0" ind2=" " tag="362"><subfield code="a">Vol. 1, no. 1 (Nov. 8, 1797)-v. 2, no. 28 (May 14, 1799).</subfield></datafield><datafield ind1=" " ind2=" " tag="500"><subfield code="a">Imprint varies: Printed by John Woods for the proprietors, 1797-1798; Printed by John H. Williams, for the proprietors, 1798-1799; Jacob Halsey, 1799.</subfield></datafield><datafield ind1="1" ind2=" " tag="700"><subfield code="a">Woods, John,</subfield><subfield code="d">1765?-</subfield></datafield><datafield ind1="1" ind2=" " tag="700"><subfield code="a">Williams, John H.</subfield></datafield><datafield ind1="1" ind2=" " tag="700"><subfield code="a">Halsey, Jacob Benton,</subfield><subfield code="d">-1815.</subfield></datafield><datafield ind1=" " ind2=" " tag="752"><subfield code="a">United States</subfield><subfield code="b">New Jersey</subfield><subfield code="c">Essex</subfield><subfield code="d">Newark.</subfield></datafield><datafield ind1="0" ind2="0" tag="780"><subfield code="t">Woods's Newark gazette and New-Jersey advertiser</subfield><subfield code="w">(DLC)sn 84020484</subfield><subfield code="w">(OCoLC)10939708</subfield></datafield><datafield ind1="0" ind2="0" tag="785"><subfield code="t">Newark gazette (Newark, N.J. : 1799)</subfield><subfield code="w">(DLC)sn 84026615</subfield><subfield code="w">(OCoLC)10508835</subfield></datafield><datafield ind1=" " ind2=" " tag="938"><subfield code="a">Kirtas Technologies, Inc.</subfield><subfield code="b">KRTS</subfield><subfield code="n">950498</subfield></datafield></record>